@article{Rim1959ModulesOF,
  title={Modules Over Finite Groups},
  author={Dock Sang Rim},
  journal={Annals of Mathematics},
  year={1959},
  volume={69},
  pages={700--712},
  url={https://api.semanticscholar.org/CorpusID:123286199}
}
@article{Swan1959ProjectiveMO,
  title={Projective modules over finite groups},
  author={Richard G. Swan},
  journal={Bulletin of the American Mathematical Society},
  year={1959},
  volume={65},
  pages={365--367},
  url={https://api.semanticscholar.org/CorpusID:42955445}
}
@book{Bass1968AlgebraicK,
  title={Algebraic K-theory},
  author={Hyman Bass},
  year={1968},
  url={https://api.semanticscholar.org/CorpusID:263761837}
}
@article{Bass1964Dec,
	author = {Bass, H.},
	title = {{K-Theory and stable algebra}},
	journal = {Publications Math{\ifmmode\acute{e}\else\'{e}\fi}matiques de L{'}Institut. des Hautes Scientifiques},
	volume = {22},
	number = {1},
	pages = {5--60},
	year = {1964},
	month = dec,
	issn = {1618-1913},
	publisher = {Springer-Verlag},
	doi = {10.1007/BF02684689}
}
@article{PMIHES_1964__22__61_0,
     author = {Bass, Hyman and Heller, Alex and Swan, Richard G.},
     title = {The {Whitehead} group of a polynomial extension},
     journal = {Publications Math\'ematiques de l'IH\'ES},
     pages = {61--79},
     publisher = {Institut des Hautes \'Etudes Scientifiques},
     volume = {22},
     year = {1964},
     mrnumber = {174605},
     zbl = {0248.18026},
     language = {en},
     url = {http://www.numdam.org/item/PMIHES_1964__22__61_0/}
}
@article{BASS1966391,
title = {The Dirichlet unit theorem, induced characters, and Whitehead groups of finite groups},
journal = {Topology},
volume = {4},
number = {4},
pages = {391-410},
year = {1966},
issn = {0040-9383},
doi = {https://doi.org/10.1016/0040-9383(66)90036-X},
url = {https://www.sciencedirect.com/science/article/pii/004093836690036X},
author = {Hyman Bass}
}
@book{bass1967lectures,
  title={Lectures on Topics in Algebraic K-theory},
  author={Bass, H. and Roy, A.},
  number={no. 34},
  lccn={lc77921802},
  series={Lectures on Topics in Algebraic K-theory},
  url={https://books.google.com/books?id=Yf_uAAAAMAAJ},
  year={1967},
  publisher={Tata Institute of Fundamental Research}
}
@book{Swan1968,
	author = {Swan, R. G.},
	title = {{Algebraic K-Theory}},
	journal = {SpringerLink},
	isbn = {978-3-540-35917-3},
	publisher = {Springer},
	address = {Berlin, Germany},
	url = {https://link.springer.com/book/10.1007/BFb0080281},
	year={1968}
}
@article{bass1967,
 ISSN = {0003486X, 19398980},
 URL = {http://www.jstor.org/stable/1970360},
 author = {Hyman Bass and M. Pavaman Murthy},
 journal = {Annals of Mathematics},
 number = {1},
 pages = {16--73},
 publisher = {[Annals of Mathematics, Trustees of Princeton University on Behalf of the Annals of Mathematics, Mathematics Department, Princeton University]},
 title = {Grothendieck Groups and Picard Groups of Abelian Group Rings},
 urldate = {2024-07-31},
 volume = {86},
 year = {1967}
}
@book{Swan1970,
	author = {Swan, Richard G. and Evans, E. Graham},
	title = {{K-Theory of Finite Groups and Orders}},
	journal = {SpringerLink},
	isbn = {978-3-540-36312-5},
	publisher = {Springer},
	address = {Berlin, Germany},
	url = {https://link.springer.com/book/10.1007/BFb0059150},
	year = {1970}
}
@article{LNvaserstein:1969,
doi = {10.1070/SM1969v008n03ABEH001279},
url = {https://dx.doi.org/10.1070/SM1969v008n03ABEH001279},
year = {1969},
month = {apr},
publisher = {},
volume = {8},
number = {3},
pages = {383},
author = {L N Vaser\^{s}te\^{i}n},
title = {ON THE STABILIZATION OF THE GENERAL LINEAR GROUP OVER A RING},
journal = {Mathematics of the USSR-Sbornik},
abstract = {We are concerned with the theory of matrix determinants (more precisely, the Whitehead determinant) over any associative ring from the algebraic point of view, i.e.  K1-theory. The main goal of the paper is to prove the results on the "stabilization" of the general linear group over a ring, which were announced by the author in the journal "Functional analysis", vol. 3, no. 2 (1969). In passing we reproduce all the results of H. Bass and the author relating to this. The bibliography contains 9 items.}
}
@article{kaplansky:projective,
ISSN = {0003486X, 19398980},
URL = {http://www.jstor.org/stable/1970252},
author = {Irving Kaplansky},
journal = {Annals of Mathematics},
number = {2},
pages = {372--377},
publisher = {[Annals of Mathematics, Trustees of Princeton University on Behalf of the Annals of Mathematics, Mathematics Department, Princeton University]},
title = {Projective Modules},
urldate = {2024-08-04},
volume = {68},
year = {1958}
}
@book{Zariski,
	author = {Zariski, Oscar and Samuel, Pierre},
	title = {{Commutative Algebra I}},
	journal = {SpringerLink},
	isbn = {978-0-387-90089-6},
	publisher = {Springer},
	address = {New York, NY, USA},
	url = {https://link.springer.com/book/9780387900896}
}
@book{Lang,
	author = {Lang, Serge},
	title = {{Algebraic Number Theory}},
	journal = {SpringerLink},
	isbn = {978-1-4612-0853-2},
	publisher = {Springer},
	address = {New York, NY, USA},
	url = {https://link.springer.com/book/10.1007/978-1-4612-0853-2}
}
@book{Cartan1999Dec,
	author = {Cartan, Henri and Eilenberg, Samuel},
	title = {{Homological Algebra (PMS-19), Volume 19}},
	year = {1999},
	month = dec,
	isbn = {978-0-69104991-5},
	publisher = {Princeton University Press},
	address = {Princeton, NJ, USA},
	url = {https://press.princeton.edu/books/paperback/9780691049915/homological-algebra-pms-19-volume-19}
}
@article{hecke:1970,
	title = {{Vorlesungen {\ifmmode\ddot{u}\else\"{u}\fi}ber die Theorie der algebraischen Zahlen}},
	year = {2024},
	month = aug,
	note = {[Online; accessed 5. Aug. 2024]},
	url = {https://bookstore.ams.org/chel-46-h}
}
@article{Hunter_1969, title={Z. I. Borevich and I. R. Shafarevich, Number Theory (Academic Pres, New York and London, 1966), x+435 pp., 104s.}, volume={16}, DOI={10.1017/S0013091500012876}, number={3}, journal={Proceedings of the Edinburgh Mathematical Society}, author={Hunter, J.}, year={1969}, pages={269â€“269}} 
@article{kaplansky:1952,
 ISSN = {00029947, 10886850},
 URL = {http://www.jstor.org/stable/1990759},
 author = {Irving Kaplansky},
 journal = {Transactions of the American Mathematical Society},
 number = {2},
 pages = {327--340},
 publisher = {American Mathematical Society},
 title = {Modules Over Dedekind Rings and Valuation Rings},
 urldate = {2024-08-05},
 volume = {72},
 year = {1952}
}
@book{Lang2012,
	author = {Lang, Serge},
	title = {{Algebra}},
	journal = {SpringerLink},
	isbn = {978-1-4613-0041-0},
	publisher = {Springer},
	address = {New York, NY, USA},
	url = {https://link.springer.com/book/10.1007/978-1-4613-0041-0}
}
@book{bourbaki143,
	author = {Bourbaki, N.},
	title = {{Commutative Algebra}},
	journal = {SpringerLink},
	isbn = {978-3-540-64239-8},
	publisher = {Springer},
	address = {Berlin, Germany},
	url = {https://link.springer.com/book/9783540642398},
	pages = {143},
	chapter = {2}
}
@book{bourbaki112,
	author = {Bourbaki, N.},
	title = {{Commutative Algebra}},
	journal = {SpringerLink},
	isbn = {978-3-540-64239-8},
	publisher = {Springer},
	address = {Berlin, Germany},
	url = {https://link.springer.com/book/9783540642398},
	pages = {112},
	chapter = {2}
}
